@article{amazon:microservices,
  author  = {},
  title   = {Cosa sono i microservizi?},
  journal = {Amazon AWS},
  url     = {https://aws.amazon.com/it/microservices/}
}
@article{article:netflixmicroservices,
  author  = {Mayukh Nair},
  title   = {How Netflix works: the (hugely simplified) complex stuff that happens every time you hit Play},
  journal = {Refraction Tech Everything},
  year    = {2017},
  url     = {https://medium.com/refraction-tech-everything/how-netflix-works-the-hugely-simplified-complex-stuff-that-happens-every-time-you-hit-play-3a40c9be254b}
}
@book{book:basididati,
  author    = {Paolo Atzeni},
  series    = {McGraw-Hill International Education},
  pages     = {1-2,15,91,108-109},
  title     = {Basi di Dati},
  url       = {https://www.mheducation.it/informatica/informatica/basi-di-dati},
  isbn      = {9788838694455},
  publisher = {McGraw-Hill},
  year      = {2018}
}
@article{fowler:microservices,
  author  = {Martin Fowler},
  title   = {Microservices: a definition of this new architectural term},
  journal = {www.martinfowler.com},
  year    = {2014},
  url     = {https://martinfowler.com/articles/microservices.html}
}
@article{jansen:tiobe,
  author  = {Paul Jansen},
  year    = {2019},
  month   = {12},
  title   = {TIOBE Index for 2019},
  journal = {TIOBE},
  url     = {https://www.tiobe.com/tiobe-index/}
}
@manual{reed:developingapplications,
  author    = {Reed, Paul R.},
  title     = {Developing Applications with Java and UML},
  publisher = {Addison-Wesley Professional},
  isbn      = {0201702525},
  url       = {https://books.google.it/books/about/Developing_Applications_with_Java_and_UM.html?id=y9iCgb7rBoAC&redir_esc=y},
  date      = {2008}
}
@mastersthesis{fielding:restprinciples,
  author  = {Roy Fielding},
  title   = {Architectural Styles and the Design of Network-based Software Architectures},
  school  = {University of California, Irvine},
  year    = {2000},
  url     = {https://www.ics.uci.edu/~fielding/pubs/dissertation/top.htm}
}